@article{jozsa2006introduction,
  title={An introduction to measurement based quantum computation},
  author={Jozsa, Richard},
  journal={NATO Science Series, III: Computer and Systems Sciences. Quantum Information Processing-From Theory to Experiment},
  volume={199},
  pages={137--158},
  year={2006}
}

@article{nielsen108020universal,
  title={Universal quantum computation using only projective measurement, quantum memory, and preparation of the| 0> state},
  author={Nielsen, MA},
  journal={arXiv preprint quant-ph/0108020},
  year={2001}
}

@ARTICLE{briegel2000measurements,
   author = {{Raussendorf}, R. and {Briegel}, H.~J.},
    title = "{Quantum computing via measurements only}",
  journal = {eprint arXiv:quant-ph/0010033},
   eprint = {quant-ph/0010033},
 keywords = {Quantum Physics},
     year = 2000,
    month = oct,
   adsurl = {http://adsabs.harvard.edu/abs/2000quant.ph.10033R},
  adsnote = {Provided by the SAO/NASA Astrophysics Data System}
}

@inproceedings{jorrand2005unifying,
  title={Unifying quantum computation with projective measurements only and one-way quantum computation},
  author={Jorrand, Philippe and Perdrix, Simon},
  booktitle={Moscow, Russia},
  pages={44--51},
  year={2005},
  organization={International Society for Optics and Photonics}
}


@article{briegel2001persistent,
  title={Persistent entanglement in arrays of interacting particles},
  author={Briegel, Hans J and Raussendorf, Robert},
  journal={Physical Review Letters},
  volume={86},
  number={5},
  pages={910},
  year={2001},
  publisher={APS}
}

@article{brylinski2002universal,
  title={Universal quantum gates},
  author={Brylinski, Jean-Luc and Brylinski, Ranee},
  journal={Mathematics of Quantum Computation},
  volume={20022356},
  year={2002},
  publisher={Chapman \& Hall/CRC Press, Boca Raton, Florida}
}

@article{nielsen2006cluster,
  title={Cluster-state quantum computation},
  author={Nielsen, Michael A},
  journal={Reports on Mathematical Physics},
  volume={57},
  number={1},
  pages={147--161},
  year={2006},
  publisher={Elsevier}
}
@article{browne2005efficient,
  title = {Resource-Efficient Linear Optical Quantum Computation},
  author = {Browne, Daniel E. and Rudolph, Terry},
  journal = {Phys. Rev. Lett.},
  volume = {95},
  issue = {1},
  pages = {010501},
  numpages = {4},
  year = {2005},
  month = {Jun},
  publisher = {American Physical Society},
  doi = {10.1103/PhysRevLett.95.010501},
  url = {http://link.aps.org/doi/10.1103/PhysRevLett.95.010501}
}
@article{gerald2006efficient,
  title = {Efficient construction of photonic quantum-computational clusters},
  author = {Gilbert, Gerald and Hamrick, Michael and Weinstein, Yaakov S.},
  journal = {Phys. Rev. A},
  volume = {73},
  issue = {6},
  pages = {064303},
  numpages = {4},
  year = {2006},
  month = {Jun},
  publisher = {American Physical Society},
  doi = {10.1103/PhysRevA.73.064303},
  url = {http://link.aps.org/doi/10.1103/PhysRevA.73.064303}
}
@article{raussendorf2007topological,
  author={R Raussendorf and J Harrington and K Goyal},
  title={Topological fault-tolerance in cluster state quantum computation},
  journal={New Journal of Physics},
  volume={9},
  number={6},
  pages={199},
  url={http://stacks.iop.org/1367-2630/9/i=6/a=199},
  year={2007},
  abstract={We describe a fault-tolerant version of the one-way quantum computer using a cluster state in three spatial dimensions. Topologically protected quantum gates are realized by choosing appropriate boundary conditions on the cluster. We provide equivalence transformations for these boundary conditions that can be used to simplify fault-tolerant circuits and to derive circuit identities in a topological manner. The spatial dimensionality of the scheme can be reduced to two by converting one spatial axis of the cluster into time. The error threshold is 0.75% for each source in an error model with preparation, gate, storage and measurement errors. The operational overhead is poly-logarithmic in the circuit size.}
}

@article{gottesman1999demonstrating,
  author={Gottesman, Daniel and Chuang, Isaac L},
  title={Demonstrating the viability of universal quantum computation using teleportation and single-qubit operations},
  journal={Nature},
  volume={402},
  number={6760},
  pages={390--393},
  year={1999},
  publisher={Nature Publishing Group}
}

@article{prevedel2007experimental,
  title={Experimental realization of a quantum game on a one-way quantum computer},
  author={Prevedel, Robert and Stefanov, Andr{\'e} and Walther, Philip and Zeilinger, Anton},
  journal={New Journal of Physics},
  volume={9},
  number={6},
  pages={205},
  year={2007},
  publisher={IOP Publishing}
}

@article{menicucci2008one,
  title={One-way quantum computing in the optical frequency comb},
  author={Menicucci, Nicolas C and Flammia, Steven T and Pfister, Olivier},
  journal={Physical review letters},
  volume={101},
  number={13},
  pages={130501},
  year={2008},
  publisher={APS}
}

@article{zhang2006experimental,
  title={Experimental construction of optical multiqubit cluster states from Bell states},
  author={Zhang, An-Ning and Lu, Chao-Yang and Zhou, Xiao-Qi and Chen, Yu-Ao and Zhao, Zhi and Yang, Tao and Pan, Jian-Wei},
  journal={Physical Review A},
  volume={73},
  number={2},
  pages={022330},
  year={2006},
  publisher={APS}
}