@article{jozsa2006introduction,
  title={An introduction to measurement based quantum computation},
  author={Jozsa, Richard},
  journal={NATO Science Series, III: Computer and Systems Sciences. Quantum Information Processing-From Theory to Experiment},
  volume={199},
  pages={137--158},
  year={2006}
}

@article{nielsen108020universal,
  title={Universal quantum computation using only projective measurement, quantum memory, and preparation of the| 0> state},
  author={Nielsen, M. A.},
  journal={arXiv preprint quant-ph/0108020},
  year={2001}
}

@ARTICLE{briegel2000measurements,
   author = {{Raussendorf}, R. and {Briegel}, H.~J.},
    title = "{Quantum computing via measurements only}",
  journal = {eprint arXiv:quant-ph/0010033},
   eprint = {quant-ph/0010033},
 keywords = {Quantum Physics},
     year = 2000,
    month = oct,
   adsurl = {http://adsabs.harvard.edu/abs/2000quant.ph.10033R},
  adsnote = {Provided by the SAO/NASA Astrophysics Data System}
}

@inproceedings{jorrand2005unifying,
  title={Unifying quantum computation with projective measurements only and one-way quantum computation},
  author={Jorrand, Philippe and Perdrix, Simon},
  booktitle={Moscow, Russia},
  pages={44--51},
  year={2005},
  organization={International Society for Optics and Photonics}
}


@article{briegel2001persistent,
  title={Persistent entanglement in arrays of interacting particles},
  author={Briegel, Hans J. and Raussendorf, Robert},
  journal={Physical Review Letters},
  volume={86},
  number={5},
  pages={910},
  year={2001},
  publisher={APS}
}

@article{brylinski2002universal,
  title={Universal quantum gates},
  author={Brylinski, Jean-Luc and Brylinski, Ranee},
  journal={Mathematics of Quantum Computation},
  volume={20022356},
  year={2002},
  publisher={Chapman \& Hall/CRC Press, Boca Raton, Florida}
}

@article{nielsen2006cluster,
  title={Cluster-state quantum computation},
  author={Nielsen, Michael A.},
  journal={Reports on Mathematical Physics},
  volume={57},
  number={1},
  pages={147--161},
  year={2006},
  publisher={Elsevier}
}
@article{browne2005efficient,
  title = {Resource-Efficient Linear Optical Quantum Computation},
  author = {Browne, Daniel E. and Rudolph, Terry},
  journal = {Phys. Rev. Lett.},
  volume = {95},
  issue = {1},
  pages = {010501},
  numpages = {4},
  year = {2005},
  month = {Jun},
  publisher = {American Physical Society},
  doi = {10.1103/PhysRevLett.95.010501},
  url = {http://link.aps.org/doi/10.1103/PhysRevLett.95.010501}
}
@article{gerald2006efficient,
  title = {Efficient construction of photonic quantum-computational clusters},
  author = {Gilbert, Gerald and Hamrick, Michael and Weinstein, Yaakov S.},
  journal = {Phys. Rev. A},
  volume = {73},
  issue = {6},
  pages = {064303},
  numpages = {4},
  year = {2006},
  month = {Jun},
  publisher = {American Physical Society},
  doi = {10.1103/PhysRevA.73.064303},
  url = {http://link.aps.org/doi/10.1103/PhysRevA.73.064303}
}
@article{raussendorf2007topological,
  author={R. Raussendorf and J. Harrington and K. Goyal},
  title={Topological fault-tolerance in cluster state quantum computation},
  journal={New Journal of Physics},
  volume={9},
  number={6},
  pages={199},
  url={http://stacks.iop.org/1367-2630/9/i=6/a=199},
  year={2007},
  abstract={We describe a fault-tolerant version of the one-way quantum computer using a cluster state in three spatial dimensions. Topologically protected quantum gates are realized by choosing appropriate boundary conditions on the cluster. We provide equivalence transformations for these boundary conditions that can be used to simplify fault-tolerant circuits and to derive circuit identities in a topological manner. The spatial dimensionality of the scheme can be reduced to two by converting one spatial axis of the cluster into time. The error threshold is 0.75% for each source in an error model with preparation, gate, storage and measurement errors. The operational overhead is poly-logarithmic in the circuit size.}
}

@article{gottesman1999demonstrating,
  author={Gottesman, Daniel and Chuang, Isaac L.},
  title={Demonstrating the viability of universal quantum computation using teleportation and single-qubit operations},
  journal={Nature},
  volume={402},
  number={6760},
  pages={390--393},
  year={1999},
  publisher={Nature Publishing Group}
}

@article{shi2002both,
  title={Both Toffoli and controlled-NOT need little help to do universal quantum computation},
  author={Shi, Yaoyun},
  journal={arXiv preprint quant-ph/0205115},
  year={2002}
}

@inproceedings{cleve2000fast,
  title={Fast parallel circuits for the quantum Fourier transform},
  author={Cleve, Richard and Watrous, John},
  booktitle={Foundations of Computer Science, 2000. Proceedings. 41st Annual Symposium on},
  pages={526--536},
  year={2000},
  organization={IEEE}
}

@article{goyal2007,
  author={R Raussendorf and J Harrington and K Goyal},
  title={Topological fault-tolerance in cluster state quantum computation},
  journal={New Journal of Physics},
  volume={9},
  number={6},
  pages={199},
  url={http://stacks.iop.org/1367-2630/9/i=6/a=199},
  year={2007},
  abstract={We describe a fault-tolerant version of the one-way quantum computer using a cluster state in three spatial dimensions. Topologically protected quantum gates are realized by choosing appropriate boundary conditions on the cluster. We provide equivalence transformations for these boundary conditions that can be used to simplify fault-tolerant circuits and to derive circuit identities in a topological manner. The spatial dimensionality of the scheme can be reduced to two by converting one spatial axis of the cluster into time. The error threshold is 0.75\% for each source in an error model with preparation, gate, storage and measurement errors. The operational overhead is poly-logarithmic in the circuit size.}
}

@article{sarma2008,
  title = {Non-Abelian anyons and topological quantum computation},
  author = {Nayak, Chetan and Simon, Steven H. and Stern, Ady and Freedman, Michael and Das Sarma, Sankar},
  journal = {Rev. Mod. Phys.},
  volume = {80},
  issue = {3},
  pages = {1083--1159},
  numpages = {0},
  year = {2008},
  month = {Sep},
  publisher = {American Physical Society},
  doi = {10.1103/RevModPhys.80.1083},
  url = {http://link.aps.org/doi/10.1103/RevModPhys.80.1083}
}

@article{bloch2003,
  title = {Coherent Transport of Neutral Atoms in Spin-Dependent Optical Lattice Potentials},
  author = {Mandel, Olaf and Greiner, Markus and Widera, Artur and Rom, Tim and H\"ansch, Theodor W. and Bloch, Immanuel},
  journal = {Phys. Rev. Lett.},
  volume = {91},
  issue = {1},
  pages = {010407},
  numpages = {4},
  year = {2003},
  month = {Jul},
  publisher = {American Physical Society},
  doi = {10.1103/PhysRevLett.91.010407},
  url = {http://link.aps.org/doi/10.1103/PhysRevLett.91.010407}
}

@article{rabchuk2006,
   author = "Hensinger, W. K. and Olmschenk, S. and Stick, D. and Hucul, D. and Yeo, M. and Acton, M. and Deslauriers, L. and Monroe, C. and Rabchuk, J.",
   title = "T-junction ion trap array for two-dimensional ion shuttling, storage, and manipulation",
   journal = "Applied Physics Letters",
   year = "2006",
   volume = "88",
   number = "3", 
   eid = 034101,
   pages = "",
   url = "http://scitation.aip.org/content/aip/journal/apl/88/3/10.1063/1.2164910",
   doi = "http://dx.doi.org/10.1063/1.2164910" 
}

@article{klm2000,
   author = "Knill, E. and Laflamme, R. and Milburn G. J.",
   title = "A scheme for efficient quantum computation with linear optics",
   journal = "Nature",
   year = "2000",
   volume = "409",
   pages = "46--52"
}

@article{divincenzo1999,
  title = {Coupled quantum dots as quantum gates},
  author = {Burkard, Guido and Loss, Daniel and DiVincenzo, David P.},
  journal = {Phys. Rev. B},
  volume = {59},
  issue = {3},
  pages = {2070--2078},
  numpages = {0},
  year = {1999},
  month = {Jan},
  publisher = {American Physical Society},
  doi = {10.1103/PhysRevB.59.2070},
  url = {http://link.aps.org/doi/10.1103/PhysRevB.59.2070}
}

@article{zoller1995,
  title = {Quantum Computations with Cold Trapped Ions},
  author = {Cirac, J. I. and Zoller, P.},
  journal = {Phys. Rev. Lett.},
  volume = {74},
  issue = {20},
  pages = {4091--4094},
  numpages = {0},
  year = {1995},
  month = {May},
  publisher = {American Physical Society},
  doi = {10.1103/PhysRevLett.74.4091},
  url = {http://link.aps.org/doi/10.1103/PhysRevLett.74.4091}
}

@article{lukin2000,
  title = {Fast Quantum Gates for Neutral Atoms},
  author = {Jaksch, D. and Cirac, J. I. and Zoller, P. and Rolston, S. L. and C\^ot\'e, R. and Lukin, M. D.},
  journal = {Phys. Rev. Lett.},
  volume = {85},
  issue = {10},
  pages = {2208--2211},
  numpages = {0},
  year = {2000},
  month = {Sep},
  publisher = {American Physical Society},
  doi = {10.1103/PhysRevLett.85.2208},
  url = {http://link.aps.org/doi/10.1103/PhysRevLett.85.2208}
}

@article{lvovsky2014,
  title={Squeezed light},
  author={Lvovsky, A. I.},
  journal={arXiv preprint quant-ph/1401.4118},
  year={2001}
}

@article{furusawa2013,
   author = "Yohoyama, S. and Ukai, R. and Armstrong, S. C. and Sornphiphatphong, C. and Kaji, T. and Suzuki, S. and Yoshikawa, J. and Yonezawa, H. and Menicucci, N. C. and Furusawa, A.",
   title = "Ultra-large-scale continuous-variable cluster states multiplexed in the time domain",
   journal = "Nature Photonics",
   year = "2013",
   volume = "7",
   pages = "982--986"
}

@article{pfister2014,
  title = {Experimental Realization of Multipartite Entanglement of 60 Modes of a Quantum Optical Frequency Comb},
  author = {Chen, Moran and Menicucci, Nicolas C. and Pfister, Olivier},
  journal = {Phys. Rev. Lett.},
  volume = {112},
  issue = {12},
  pages = {120505},
  numpages = {5},
  year = {2014},
  month = {Mar},
  publisher = {American Physical Society},
  doi = {10.1103/PhysRevLett.112.120505},
  url = {http://link.aps.org/doi/10.1103/PhysRevLett.112.120505}
}

@article{zhang2006experimental,
  title={Experimental construction of optical multiqubit cluster states from Bell states},
  author={Zhang, An-Ning and Lu, Chao-Yang and Zhou, Xiao-Qi and Chen, Yu-Ao and Zhao, Zhi and Yang, Tao and Pan, Jian-Wei},
  journal={Physical Review A},
  volume={73},
  number={2},
  pages={022330},
  year={2006},
  publisher={APS}
}

@article{bartlett2002,
  title = {Efficient Classical Simulation of Continuous Variable Quantum Information Processes},
  author = {Bartlett, Stephen D. and Sanders, Barry C. and Braunstein, Samuel L. and Nemoto, Kae},
  journal = {Phys. Rev. Lett.},
  volume = {88},
  issue = {9},
  pages = {097904},
  numpages = {4},
  year = {2002},
  month = {Feb},
  publisher = {American Physical Society},
  doi = {10.1103/PhysRevLett.88.097904},
  url = {http://link.aps.org/doi/10.1103/PhysRevLett.88.097904}
}
